<?xml version="1.0" encoding="UTF-8"?>
<collection xmlns:xsi="http://www.w3.org/2001/XMLSchema-instance" xsi:schemaLocation="http://www.loc.gov/MARC21/slim http://www.loc.gov/standards/marcxml/schema/MARC21slim.xsd" xmlns="http://www.loc.gov/MARC21/slim">
<record>
  <leader>01182cam a2200313L  4500</leader>
  <controlfield tag="001">2957922</controlfield>
  <controlfield tag="003">NNC</controlfield>
  <controlfield tag="005">20130426002558.0</controlfield>
  <controlfield tag="008">850617s1969    iq       b    000 0 arax </controlfield>
  <datafield tag="010" ind1=" " ind2=" ">
    <subfield code="a">   74961522 </subfield>
  </datafield>
  <datafield tag="020" ind1=" " ind2=" ">
    <subfield code="c">ID0.80</subfield>
  </datafield>
  <datafield tag="035" ind1=" " ind2=" ">
    <subfield code="a">(OCoLC)ocm13891055</subfield>
  </datafield>
  <datafield tag="035" ind1=" " ind2=" ">
    <subfield code="9">ASK3018CU</subfield>
  </datafield>
  <datafield tag="035" ind1=" " ind2=" ">
    <subfield code="a">(NNC)2957922</subfield>
  </datafield>
  <datafield tag="040" ind1=" " ind2=" ">
    <subfield code="a">DLC</subfield>
    <subfield code="c">NYP</subfield>
    <subfield code="d">OCL</subfield>
    <subfield code="d">ZCU</subfield>
  </datafield>
  <datafield tag="050" ind1="0" ind2=" ">
    <subfield code="a">BP166</subfield>
    <subfield code="b">.I332</subfield>
  </datafield>
  <datafield tag="100" ind1="1" ind2=" ">
    <subfield code="a">Ibn Abī al-ʻIzz, ʻAlī ibn ʻAlī,</subfield>
    <subfield code="d">1330 or 1331-1389 or 1390.</subfield>
  </datafield>
  <datafield tag="245" ind1="1" ind2="0">
    <subfield code="a">Mukhtaṣar sharḥ al-ʻaqīdah al-Ṭaḥāwīyah.</subfield>
    <subfield code="c">[li-ʻAlī ibn Muḥammad ibn Muḥammad ibn Abī al-ʻIzz al-Ḥanafī]</subfield>
  </datafield>
  <datafield tag="250" ind1=" " ind2=" ">
    <subfield code="a">al-Ṭabʻah 1.</subfield>
  </datafield>
  <datafield tag="260" ind1=" " ind2=" ">
    <subfield code="a">Baghdād,</subfield>
    <subfield code="b">Dār al-Nadhīr lil-Ṭibāʻah wa-al-Nashr</subfield>
    <subfield code="c">[1969]</subfield>
  </datafield>
  <datafield tag="300" ind1=" " ind2=" ">
    <subfield code="a">347 p.</subfield>
    <subfield code="c">24 cm.</subfield>
  </datafield>
  <datafield tag="500" ind1=" " ind2=" ">
    <subfield code="a">In Arabic.</subfield>
  </datafield>
  <datafield tag="500" ind1=" " ind2=" ">
    <subfield code="a">Editor's signature, p. 336: Muḥammad Nāṣir al-Albānī.</subfield>
  </datafield>
  <datafield tag="504" ind1=" " ind2=" ">
    <subfield code="a">Includes bibliographical references.</subfield>
  </datafield>
  <datafield tag="650" ind1=" " ind2="0">
    <subfield code="a">Islam</subfield>
    <subfield code="x">Doctrines</subfield>
    <subfield code="v">Early works to 1800.</subfield>
  </datafield>
  <datafield tag="700" ind1="1" ind2=" ">
    <subfield code="a">Ṭaḥāwī, Aḥmad ibn Muḥammad,</subfield>
    <subfield code="d">852?-933.</subfield>
    <subfield code="t">ʻAqīdah.</subfield>
  </datafield>
  <datafield tag="700" ind1="1" ind2=" ">
    <subfield code="a">Albānī, Muḥammad Nāṣir al-Dīn,</subfield>
    <subfield code="e">editor.</subfield>
  </datafield>
  <datafield tag="740" ind1="0" ind2="1">
    <subfield code="a">Sharḥ al-ʻAqīdah al-Ṭaḥāwīyah.</subfield>
  </datafield>
  <datafield tag="955" ind1=" " ind2=" ">
    <subfield code="b">CU55319602</subfield>
    <subfield code="d">off,glx</subfield>
    <subfield code="e">BP166 .I332</subfield>
  </datafield>
</record>
</collection>